<?xml version="1.0" encoding="UTF-8"?><record xmlns="http://www.loc.gov/MARC21/slim" xmlns:cinclude="http://apache.org/cocoon/include/1.0" xmlns:zs="http://www.loc.gov/zing/srw/">
  <leader>00812nz  a2200205n  4500</leader>
  <controlfield tag="001">no2015109290</controlfield>
  <controlfield tag="003">DLC</controlfield>
  <controlfield tag="005">20150819073602.0</controlfield>
  <controlfield tag="008">150818n| azannaabn          |a ana     c</controlfield>
  <datafield tag="010" ind1=" " ind2=" ">
    <subfield code="a">no2015109290</subfield>
  </datafield>
  <datafield tag="035" ind1=" " ind2=" ">
    <subfield code="a">(OCoLC)oca10247089</subfield>
  </datafield>
  <datafield tag="040" ind1=" " ind2=" ">
    <subfield code="a">ItFiC</subfield>
    <subfield code="b">eng</subfield>
    <subfield code="e">rda</subfield>
    <subfield code="c">ItFiC</subfield>
  </datafield>
  <datafield tag="046" ind1=" " ind2=" ">
    <subfield code="s">19060921</subfield>
  </datafield>
  <datafield tag="110" ind1="2" ind2=" ">
    <subfield code="a">Società per le ferrovie Adriatico-Appennino</subfield>
  </datafield>
  <datafield tag="368" ind1=" " ind2=" ">
    <subfield code="a">Firm</subfield>
  </datafield>
  <datafield tag="370" ind1=" " ind2=" ">
    <subfield code="e">Milan (Italy)</subfield>
  </datafield>
  <datafield tag="372" ind1=" " ind2=" ">
    <subfield code="a">Construction industry</subfield>
    <subfield code="a">Railroads</subfield>
    <subfield code="2">lcsh</subfield>
  </datafield>
  <datafield tag="410" ind1="2" ind2=" ">
    <subfield code="a">FAA</subfield>
  </datafield>
  <datafield tag="670" ind1=" " ind2=" ">
    <subfield code="a">Il cantiere della Sangritana, 2015:</subfield>
    <subfield code="b">front flap of jacket (Società per le ferrovie Adriatico-Appennino)</subfield>
  </datafield>
  <datafield tag="670" ind1=" " ind2=" ">
    <subfield code="a">Wikipedia WWW site, Aug. 5, 2015:</subfield>
    <subfield code="b">italiano, ricerca (Società per le Ferrovie Adriatico Appennino, FAA; founded Sept. 21, 1906 in Milan, Italy; the company was involved in the construction of new railroads)</subfield>
  </datafield>
</record>